@online{vector_graphics_wikipedia,
  title    = {Vector Graphics},
  url      = {https://en.wikipedia.org/wiki/Vector_graphics},
  addendum = {accesat: 2022-01-03}
}

@online{svg_standard,
  title    = {Scalable Vector Graphics},
  url      = {https://www.w3.org/TR/SVG2/},
  addendum = {accesat: 2022-01-12}
}

@online{skia_library,
  title    = {Skia},
  url      = {https://skia.org/},
  addendum = {accesat: 2022-01-12}
}

@online{bazel_build_system,
  title    = {Bazel},
  url      = {https://bazel.build/},
  addendum = {accesat: 2022-01-22}
}

@online{java_programming_language,
  title    = {Java},
  url      = {https://www.java.com/en/},
  addendum = {accesat: 2022-01-22}
}

@online{cairo_library,
  title    = {Cairo Graphics Library},
  url      = {https://www.cairographics.org/},
  addendum = {accesat: 2022-01-22}
}

@online{unix,
  title    = {Unix},
  url      = {https://en.wikipedia.org/wiki/Unix},
  addendum = {accesat: 2022-01-23}
}

@online{rust_lang,
  title    = {Rust Programming Language},
  url      = {https://www.rust-lang.org/},
  addendum = {accesat: 2022-01-23}
}